\begin{filecontents*}{ref.bib}

@misc{letter,
  title = {{English Letter Frequency}, Cornell University},
  howpublished = "\url{http://pi.math.cornell.edu/~mec/2003-2004/cryptography/subs/frequencies.html}",
  note = {Accessed: Sept-20},
}

@book{BOOK,
  title = {{Computer Organization \& Design}, The Hardware/Software Interface},
  author = {David A. Patternson and John L. Hennessy}
  }
jj



\end{ filecontents*}
